@INPROCEEDINGS{6784636,
author={M. {Ross} and C. A. {Graves} and J. W. {Campbell} and J. H. {Kim}},
booktitle={2013 12th International Conference on Machine Learning and Applications},
title={Using Support Vector Machines to Classify Student Attentiveness for the Development of Personalized Learning Systems},
year={2013},
volume={1},
number={},
pages={325-328},
keywords={learning (artificial intelligence);learning management systems;pattern classification;support vector machines;teaching;support vector machine;student attentiveness classification;personalized learning systems;machine learning algorithm;consumer RGB-D sensor;teaching strategy improvement;instructional strategy;pedagogy;subject mastery;Clustering algorithms;Classification algorithms;Support vector machines;Education;Databases;Machine learning algorithms;Learning systems;Support vector machines;K-means;Kinect;personalized learning systems},
doi={10.1109/ICMLA.2013.66},
ISSN={},
month={Dec},}
@INPROCEEDINGS{7338643,
author={ {Jongmin Yu} and {Jeonghwan Gwak} and {Sejeong Lee} and {Moongu Jeon}},
booktitle={2015 International Conference on Control, Automation and Information Sciences (ICCAIS)},
title={An incremental learning approach for restricted boltzmann machines},
year={2015},
volume={},
number={},
pages={113-117},
keywords={Boltzmann machines;computational complexity;computer vision;convergence;feature extraction;image classification;learning (artificial intelligence);incremental learning approach;restricted Boltzmann machines;computer vision problem;RBM;feature learning;learning algorithm;optimal model complexity;hidden layer;neuron incrementation necessity;normalized reconstruction error;convergence;classification;Neurons;Complexity theory;Computational modeling;Training;Error analysis;Training data;Standards;Machine learning;incremental learning;restricted boltzmann machine},
doi={10.1109/ICCAIS.2015.7338643},
ISSN={},
month={Oct},}
@ARTICLE{7348721,
author={Y. {Chen} and E. {Yao} and A. {Basu}},
journal={IEEE Transactions on Biomedical Circuits and Systems},
title={A 128-Channel Extreme Learning Machine-Based Neural Decoder for Brain Machine Interfaces},
year={2016},
volume={10},
number={3},
pages={679-692},
keywords={biomechanics;biomedical electronics;biomedical equipment;brain-computer interfaces;CMOS integrated circuits;learning (artificial intelligence);low-power electronics;medical computing;neurophysiology;128-channel extreme learning machine algorithm;neural decoder;state-of-the-art motor intention decoding algorithms;brain-machine interfaces;PC;machine learning coprocessor;CMOS;low-power analog processing;pJ-MAC;digitally stored coefficients;core analog processor;monkey finger movements;asynchronous neural spikes;time-delayed feature dimension enhancement;classification accuracy;sparsity promoting training scheme;frequency 50 Hz;Decoding;Training;Neurons;Digital signal processing;Implants;Machine learning algorithms;Sorting;Brain-machine interfaces;extreme learning machine;implant;machine learning;motor intention;neural decoding;neural network;portable;very large scale integration (VLSI);Algorithms;Animals;Brain-Computer Interfaces;Electronics, Medical;Fingers;Haplorhini;Humans;Machine Learning;Neurons},
doi={10.1109/TBCAS.2015.2483618},
ISSN={},
month={June},}
